
@article{Dennis2002,
  title={Topological quantum memory},
  author={Dennis, Eric and Kitaev, Alexei and Landahl, Andrew and Preskill, John},
  journal={Journal of Mathematical Physics},
  volume={43},
  number={9},
  pages={4452--4505},
  year={2002},
  publisher={AIP}
}

@article{Fowler2012,
  title={{Surface codes: Towards practical large-scale quantum computation}},
  author={Fowler, Austin G and Mariantoni, Matteo and Martinis, John M and Cleland, Andrew N},
  journal={Physical Review A},
  volume={86},
  number={3},
  pages={032324},
  year={2012},
  publisher={APS}
}

@article{Delfosse2016,
  title={Generalized surface codes and packing of logical qubits},
  author={Delfosse, Nicolas and Iyer, Pavithran and Poulin, David},
  journal={arXiv preprint arXiv:1606.07116},
  year={2016}
}


@article{Brown2017,
  title={{Poking holes and cutting corners to achieve Clifford gates with the surface code}},
  author={Brown, Benjamin J and Laubscher, Katharina and Kesselring, Markus S and Wootton, James R},
  journal={Physical Review X},
  volume={7},
  number={2},
  pages={021029},
  year={2017},
  publisher={APS}
}



@book{Ghrist2014,
  title={Elementary applied topology},
  author={Ghrist, Robert W},
  edition={1.0},
  year={2014},
  publisher={Createspace}
}


@article{Forman2002,
  title={{A userâ€™s guide to discrete Morse theory}},
  author={Forman, Robin},
  journal={S{\'e}m. Lothar. Combin},
  volume={48},
  pages={35pp},
  year={2002}
}


@article{Forman1998,
  title={{Morse Theory for Cell Complexes}},
  author={Forman, Robin},
  journal={Advances in Mathematics},
  volume={134},
  number={1},
  pages={90--145},
  year={1998},
  publisher={Elsevier}
}



